<record><leader>00000cas a22000007a 4500</leader><controlfield tag="001">10422524</controlfield><controlfield tag="008">840216d18681872moudn ne      0    0eng  </controlfield><datafield ind1=" " ind2=" " tag="010"><subfield code="a">sn 84020154 </subfield></datafield><datafield ind1=" " ind2=" " tag="040"><subfield code="a">DLC</subfield><subfield code="b">eng</subfield><subfield code="c">DLC</subfield><subfield code="d">NPV</subfield><subfield code="d">NPU</subfield><subfield code="d">NPX</subfield><subfield code="d">MQN</subfield><subfield code="d">CRL</subfield><subfield code="d">MQN</subfield><subfield code="d">NVF</subfield><subfield code="d">TGN</subfield><subfield code="d">OBN</subfield><subfield code="d">OCLCQ</subfield><subfield code="d">OCLCO</subfield><subfield code="d">ZAD</subfield><subfield code="d">OCLCF</subfield></datafield><datafield ind1="1" ind2=" " tag="029"><subfield code="a">AU@</subfield><subfield code="b">000020409841</subfield></datafield><datafield ind1=" " ind2=" " tag="042"><subfield code="a">msc</subfield></datafield><datafield ind1="0" ind2="0" tag="050"><subfield code="a">Newspaper 8615</subfield></datafield><datafield ind1="0" ind2=" " tag="130"><subfield code="a">Missouri democrat (Saint Louis, Mo. : Daily)</subfield></datafield><datafield ind1="0" ind2="4" tag="245"><subfield code="a">The Missouri democrat.</subfield></datafield><datafield ind1="3" ind2=" " tag="246"><subfield code="a">Daily democrat</subfield></datafield><datafield ind1=" " ind2=" " tag="260"><subfield code="a">Saint Louis, Mo. :</subfield><subfield code="b">M'Kee, Fishback &amp; Co.</subfield></datafield><datafield ind1=" " ind2=" " tag="300"><subfield code="a">v.</subfield></datafield><datafield ind1=" " ind2=" " tag="310"><subfield code="a">Daily (except Sunday)</subfield></datafield><datafield ind1="0" ind2=" " tag="362"><subfield code="a">Vol. 16, no. 226 (May 11, 1868)-v. 21, no. 95 (Dec. 31, 1872).</subfield></datafield><datafield ind1=" " ind2=" " tag="530"><subfield code="a">Also available on microfilm from Central Microfilm Service.</subfield></datafield><datafield ind1=" " ind2="0" tag="651"><subfield code="a">Saint Louis (Mo.)</subfield><subfield code="v">Newspapers.</subfield></datafield><datafield ind1=" " ind2="0" tag="651"><subfield code="a">Saint Louis County (Mo.)</subfield><subfield code="v">Newspapers.</subfield></datafield><datafield ind1=" " ind2="7" tag="655"><subfield code="a">Newspapers.</subfield><subfield code="2">fast</subfield><subfield code="0">(OCoLC)fst01423814</subfield></datafield><datafield ind1=" " ind2="7" tag="651"><subfield code="a">Missouri</subfield><subfield code="z">Saint Louis.</subfield><subfield code="2">fast</subfield><subfield code="0">(OCoLC)fst01204930</subfield></datafield><datafield ind1=" " ind2="7" tag="651"><subfield code="a">Missouri</subfield><subfield code="z">Saint Louis County.</subfield><subfield code="2">fast</subfield><subfield code="0">(OCoLC)fst01210213</subfield></datafield><datafield ind1=" " ind2=" " tag="752"><subfield code="a">United States</subfield><subfield code="b">Missouri</subfield><subfield code="c">Saint Louis City</subfield><subfield code="d">Saint Louis.</subfield></datafield><datafield ind1="0" ind2=" " tag="775"><subfield code="t">Missouri democrat (Saint Louis, Mo. : Weekly)</subfield><subfield code="w">(DLC)sn 84020218</subfield><subfield code="w">(OCoLC)10478834</subfield></datafield><datafield ind1="0" ind2=" " tag="775"><subfield code="t">Missouri democrat (Saint Louis, Mo. : Triweekly)</subfield><subfield code="w">(DLC)sn 90061158</subfield><subfield code="w">(OCoLC)20994055</subfield></datafield><datafield ind1="0" ind2="0" tag="780"><subfield code="t">Daily Missouri democrat</subfield><subfield code="w">(DLC)sn 84020153</subfield><subfield code="w">(OCoLC)10422437</subfield></datafield><datafield ind1="0" ind2="0" tag="785"><subfield code="t">St. Louis democrat (Saint Louis, Mo. : 1873)</subfield><subfield code="w">(DLC)sn 84020155</subfield><subfield code="w">(OCoLC)10422603</subfield></datafield></record>